% Encoding: UTF-8

@article{oliveira-marta,
	author			= {OLIVEIRA, Marta Kohl},
	title			= {Vygotsky: aprendizado e desenvolvimento: um processo sócio – histórico},
	year			= {1999},
	month			= {jul},
	volume			= {4},
	pages			= {42}
}


@inproceedings{patricio-utilizacao,
	title			= {Utilização educativa do facebook no ensino superior},
	author			= {Patrício, Maria Raquel and Gonçalves, Vitor},
	booktitle		= {I International Conference learning and teaching in higher education},
	year			= {2010},
	organization	= {Universidade de Évora}
}

@inbook{eMarketer,
	title			= {eMarketer Updates Worldwide Social Network User Figures},
	booktitle		= {eMarketer Updates Worldwide Social Network User Figures},
	publisher		= {eMarketer (Empresa de pesquisa de mercado que fornece informações e tendências relacionadas ao marketing digital, mídia e comércio)},
	author		= {eMarketer},
	url				= {https://www.emarketer.com/Article/eMarketer-Updates-Worldwide-Social-Network-User-Figures/1016178},
	urlaccessdate	= {2017},
	year			= {2017}
}

@inbook{smartinsights,
	title			= {Mobile Marketing Statistics compilation},
	booktitle		= {Mobile Marketing Statistics compilation},
	publisher		= {Smart Insights (Actionable Marketing Advice)},
	author		= {SmartInsights},
	url				= {https://www.smartinsights.com/mobile-marketing/mobile-marketing-analytics/mobile-marketing-statistics/},
	urlaccessdate	= {2018},
	year			= {2018}
}

@inbook{svb,
	title			= {Mercado vegetariano},
	booktitle		= {Mercado vegetariano},
	publisher		= {SVB - Sociedade Vegetariana Brasileira},
	author		= {SVB},
	url				= {https://www.svb.org.br/vegetarianismo1/mercado-vegetariano},
	urlaccessdate	= {2017},
	year			= {2015}
}


@inbook{comscore-2015,
	address			= {Reston},
	title			= {2015 Brazil Digital Future in Focus},
	booktitle		= {2015 Brazil Digital Future in Focus},
	publisher		= {ComScore},
	author		= {ComScore},
	url				= {https://www.comscore.com/por/Insights/Presentations-and-Whitepapers/2015/2015-Brazil-Digital-Future-in-Focus},
	urlaccessdate	= {18 mai. 2015},
	year			= {2015}
}


@book{b2005mobile,
	author			= {B'Far, R. and Fielding, R.T.},
  	title 			= {Mobile Computing Principles: Designing and Developing Mobile Applications with UML and XML},
	url={https://books.google.com.br/books?id=4NXsjwEACAAJ},
	year={2005},
	publisher={Cambridge University Press}
}

@inbook{firstmobile,
	address			= {guinnessworldrecords},
	title			= {1973: First Mobile Phone Call},
	booktitle		= {1973: First Mobile Phone Call},
	publisher		= {guinnessworldrecords},
	author		= {{Guinness World Records}},
	url				= {http://www.guinnessworldrecords.com/news/60at60/2015/8/1973-first-mobile-phone-call-392969},
	urlaccessdate	= {18 mai. 2017},
	year			= {2015}
}

@inbook{kantar,
	address			= {kantar},
	title			= {Smartphone os market share},
	booktitle		= {Smartphone os market share},
	publisher		= {Kantar},
	author		= {Kantar},
	url				= {https://www.kantarworldpanel.com/global/smartphone-os-market-share/},
	year			= {2017}
}

@book{watts2003,
	author			= {Watts, R.J.},
  	title 			= {Politeness - Key Topics in Sociolinguistics},
	url				= {https://books.google.com.br/books?id=xLI-tzC5yRgC},
	year			= {2003},
	publisher		= {Cambridge University Press}
}

@inbook{wearesocial,
	address			= {wearesocial},
	title			= {DIGITAL IN 2017: GLOBAL OVERVIEW},
	booktitle		= {DIGITAL IN 2017: GLOBAL OVERVIEW},
	publisher		= {wearesocial},
	author			= {{We are social}},
	url				= {https://wearesocial.com/special-reports/digital-in-2017-global-overview},
	year			= {2017}
}

@book{rodrigues2005,
	author			= {RODRIGUES, Cristina},
  	title 			= {Introdução ao vegetarianismo},
	year			= {2005},
	publisher		= {2 ed. São Paulo:Galaxia Alfa}
}

@inbook{couceiro2008,
	title			= {Padrão alimentar da dieta vegetariana},
	booktitle		= {Padrão alimentar da dieta vegetariana},
	author			= {COUCEIRO, Patricia},
	url				= {https:// apps.einstein.br/revista/arquivos/PDF/518-v6n3aRW518portp365-73.pdf},
	year			= {2011}
}

@inbook{worldatlas2017,
	address			= {worldatlas},
	title			= {Countries With The Highest Rates Of Vegetarianism},
	booktitle		= {Countries With The Highest Rates Of Vegetarianism},
	publisher		= {worldatlas},
	author			= {{World Atlas}},
	url				= {https://www.worldatlas.com/articles/countries-with-the-highest-rates-of-vegetarianism.html},
	year			= {2017}
}

@inbook{tiposveggies,
	address			= {vistas-se},
	title			= {Tipos de vegetarianos: entenda as principais diferenças entre os grupos de vegetarianos},
	booktitle		= {Tipos de vegetarianos: entenda as principais diferenças entre os grupos de vegetarianos},
	publisher		= {vista-se},
	author			= {{Vista-se}},
	url				= {https://www.vista-se.com.br/tipos-de-vegetarianos-entenda-as-principais-diferencas-entre-os-grupos-de-vegetarianos/},
	year			= {2012}
}

@inbook{poppendiek2003,
	author			= {POPPENDIECK, M},
	title			= {Lean Software Development: An Agile Toolkit for Software Development Managers},
	year			= {2003},
	publisher		= {Primeira Edição. Boston: Addison-Wesley Professional}
}

@inbook{rosamilha2014,
	address			= {Rosamilha},
	title			= {Aplicando Lean Project Management para entregar o projeto com sucesso},
	booktitle		= {Aplicando Lean Project Management para entregar o projeto com sucesso},
	publisher		= {Rosamilha},
	author			= {Rosamilha, Nelson},
	url				= {http://nelsonrosamilha.blogspot.com.br/2014/01/aplicando-lean-project-management-para.html},
	year			= {2014}
}


@inbook{ionic2017,
	address			= {ionic},
	title			= {The ionic book},
	booktitle		= {The ionic book},
	publisher		= {ionic},
	author			= {Ionic},
	url				= {https://ionicframework.com/docs/v1/guide/},
	year			= {2017}
}

@inbook{angularjs2017,
	address			= {angularjs},
	title			= {What Is AngularJS?},
	booktitle		= {What Is AngularJS?},
	publisher		= {angularjs},
	author			= {AngularJS},
	url				= {https://docs.angularjs.org/guide/introduction},
	year			= {2017}
}

@inbook{ruby2017,
	address			= {ruby},
	title			= {About Ruby},
	booktitle		= {About Ruby},
	publisher		= {Ruby},
	author			= {Ruby},
	url				= {https://www.ruby-lang.org/pt/about/},
	year			= {2017}
}

@inbook{rubyonrails,
	address			= {RubyonRails},
	title			= {Ruby on Rails},
	booktitle		= {Ruby on Rails},
	publisher		= {RubyonRails},
	author			= {{Ruby on Rails}},
	url				= {http://rubyonrails.org/},
	year			= {2017}
}

@inbook{facebooksdk,
	address			= {facebook sdk},
	title			= {Facebook sdk},
	booktitle		= {Facebook sdk},
	publisher		= {Facebook sdk},
	author			= {{Facebook SDK}},
	url				= {https://developers.facebook.com/docs/},
	year			= {2017}
}


@book{pfleeger2004engenharia,
	author			= {Pfleeger, S.L.},
  	title 			= {Engenharia de software: teoria e prática},
	year			= {2004},
	publisher		= {Prentice Hall},
  	url={https://books.google.com.br/books?id=MKhmPgAACAAJ},
}















@book{ihc-e-redes-sociais,
	author			= {Branco, Paulo and Barbas, Maria and Investigadores. na. Universidade. de. Évora.},
	title			= {Interação humano-computador e Redes Sociais online},
	address			= {Évora},
	year			= {2012}
}


@article{web-20-e-o-futuro,
	author			= {Antoun, Henrique},
	journal			= {Intercom – Sociedade Brasileira de Estudos Interdisciplinares da Comunicação},
	title			= {A Web 2.0 e o Futuro da Sociedade Cibercultural},
	year			= {2009}
}

@article{bastien1993human,
	title			= {Human factors criteria, principles, and recommendations for HCI: methodological and standardization issues},
	author			= {Bastien, C and Scapin, D},
	journal			= {Internal Repport). INRIA},
	year={1993}
}



@misc{nielsen2000you,
	title			= {Why you only need to test with 5 users},
	author			= {Nielsen, Jakob},
	year			= {2000},
	publisher		= {Useit. com Alertbox},
	urlaccessdate 	= {26 ago. 2017},
}


@book{prikladnicki2014metodos,
	title			= {Métodos ágeis para desenvolvimento de software},
	author			= {Prikladnicki, Rafael and Willi, Renato and Milani, Fabiano},
	year			= {2014},
	publisher		= {Bookman Editora}
}

@misc{google-trends,
	title			= {Pesquisas do ano no Google - Google Trends},
	year			= {2016},
	publisher		= {Google},
	urlaccessdate 	= {15 set. 2017},
}

@book{sommervile,
	title			= {Engenharia de software},
	author			= {Sommerville, Ian and others},
	volume			= {9},
	year			= {2011},
	publisher		= {Pearson}
}

@book{presmsan,
	title			= {Engenharia de software: uma abordagem profissional. 7{\textordfeminine} Edição},
	author			= {Pressman, Roger S},
	publisher		= {Ed: McGraw Hill},
	year			= {2011},
	volume			= {7}
}
\right) 

@Comment{jabref-meta: databaseType:bibtex;}